@article{example1,
  title={下北泽雪文化调研},
  author={霍莫},
  journal={野兽期刊},
  number={114},
  pages={5-14},
  year={1919810},
}